<collection xmlns="http://www.loc.gov/MARC21/slim">
<record>
  <leader>01372nam a2200337 a 4500</leader>
  <controlfield tag="001">3210568</controlfield>
  <controlfield tag="007">he amb---bbcp</controlfield>
  <controlfield tag="007">he bmb---baap</controlfield>
  <controlfield tag="008">831208s1899    onc     b     001 0 eng d</controlfield>
  <datafield tag="020" ind1=" " ind2=" ">
    <subfield code="a">0665290713</subfield>
  </datafield>
  <datafield tag="035" ind1=" " ind2=" ">
    <subfield code="a">ocn317761430</subfield>
  </datafield>
  <datafield tag="040" ind1=" " ind2=" ">
    <subfield code="a">CaOOCIHM</subfield>
    <subfield code="b">eng</subfield>
    <subfield code="d">AEU</subfield>
  </datafield>
  <datafield tag="043" ind1=" " ind2=" ">
    <subfield code="a">n-cn-on</subfield>
  </datafield>
  <datafield tag="082" ind1="0" ind2=" ">
    <subfield code="a">352.13</subfield>
    <subfield code="2">19</subfield>
  </datafield>
  <datafield tag="090" ind1=" " ind2=" ">
    <subfield code="a">FC 02 0203 no. 29071</subfield>
    <subfield code="b">AEU</subfield>
  </datafield>
  <datafield tag="100" ind1="1" ind2=" ">
    <subfield code="a">Glenn, James Morrison</subfield>
  </datafield>
  <datafield tag="245" ind1="1" ind2="4">
    <subfield code="a">The collector&apos;s guide</subfield>
    <subfield code="h">[microform] :</subfield>
    <subfield code="b">containing those portions of the assessment and other acts relating to the appointment and duties of collectors of taxes in Ontario, with notes of the more important decided cases /</subfield>
    <subfield code="c">by James Morrison Glenn.</subfield>
  </datafield>
  <datafield tag="250" ind1=" " ind2=" ">
    <subfield code="a">2nd ed.</subfield>
  </datafield>
  <datafield tag="260" ind1=" " ind2=" ">
    <subfield code="a">St. Thomas [Ont.] :</subfield>
    <subfield code="b">The Municipal Word,</subfield>
    <subfield code="c">1899.</subfield>
  </datafield>
  <datafield tag="300" ind1=" " ind2=" ">
    <subfield code="a">1 microfiche (20 fr.).</subfield>
  </datafield>
  <datafield tag="490" ind1="1" ind2=" ">
    <subfield code="a">CIHM/ICMH Microfiche series = CIHM/ICMH collection de microfiches ;</subfield>
    <subfield code="v">no. 29071</subfield>
  </datafield>
  <datafield tag="504" ind1=" " ind2=" ">
    <subfield code="a">Includes index.</subfield>
  </datafield>
  <datafield tag="533" ind1=" " ind2=" ">
    <subfield code="a">Filmed from a copy of the original publication held by the National Library of Canada.</subfield>
    <subfield code="b">Ottawa :</subfield>
    <subfield code="c">Canadian Institute for Historical Microreproductions,</subfield>
    <subfield code="d">1982.</subfield>
  </datafield>
  <datafield tag="534" ind1=" " ind2=" ">
    <subfield code="e">32 p. ; 22 cm.</subfield>
  </datafield>
  <datafield tag="596" ind1=" " ind2=" ">
    <subfield code="a">43</subfield>
  </datafield>
  <datafield tag="650" ind1=" " ind2="0">
    <subfield code="a">Tax collection.</subfield>
  </datafield>
  <datafield tag="650" ind1=" " ind2="6">
    <subfield code="a">Impôt</subfield>
    <subfield code="x">Recouvremen</subfield>
  </datafield>
<!-- No separator at end of field length=26 -->
  <datafield tag="830" ind1="." ind2="">
    <subfield code="0"></subfield>
    <subfield code="a">CIHM/ICMH microfiche series ;</subfield>
    <subfield code="v">no. 290</subfield>
  </datafield>
<!-- No separator at end of field length=45 -->
  <datafield tag="949" ind1="1" ind2="">
    <subfield code=" "></subfield>
    <subfield code="h">UAHS-MF</subfield>
    <subfield code="z">CIHMMP</subfield>
  </datafield>
<!-- No separator at end of field length=22 -->
  <datafield tag="016" ind1="E" ind2="">
    <subfield code=" "></subfield>
    <subfield code="a"> 8361873</subfield>
  </datafield>
<!-- No separator at end of field length=15 -->
  <datafield tag="926" ind1="5" ind2="">
    <subfield code=" "></subfield>
    <subfield code="a">UAHSS</subfield>
    <subfield code="b">MICROFICHE</subfield>
    <subfield code="c">FC 02 0203 no. 29071</subfield>
    <subfield code="d">MICROFORM</subfield>
    <subfield code=""></subfield>
  </datafield>
<!-- No separator at end of field length=58 -->
</record>
</collection>
